@ARTICLE{Brooks1987,
  author = {{B}rooks, {F}rederick {P}.},
  title = {{N}o {S}ilver {B}ullet {E}ssence and {A}ccidents of {S}oftware {E}ngineering},
  journal = {Computer},
  year = {1987},
  volume = {20},
  pages = {10--19},
  number = {4},
  month = {April},
  file = {Brooks1987.pdf:Brooks1987.pdf:PDF}
}

@BOOK{Ehrig2006,
  title = {{F}undamentals of {A}lgebraic {G}raph {T}ransformation},
  publisher = {Springer-Verlag},
  year = {2006},
  author = {{E}hrig, {H}artmut and {E}hrig, {K}arsten and {P}range, {U}lrike and {T}aentzer, {G}abriele},
  pages = {388},
  series = {EATCS},
  file = {Ehrig2006.pdf:Ehrig2006.pdf:PDF},
  owner = {Ujean}
}

@ARTICLE{Jouault2008,
  author = {{J}ouault, {F}r{\'e}d{\'e}rick and {A}llilaire, {F}reddy and {B}{\'e}zivin, {J}ean and {K}urtev, {I}van},
  title = {{ATL}: {A} model transformation tool},
  journal = {{S}cience of {C}omputer {P}rogramming},
  year = {2008},
  volume = {72},
  pages = {31--39},
  number = {1-2},
  month = {June},
  file = {Jouault2008.pdf:Jouault2008.pdf:PDF}
}

@BOOK{Kelly2008,
  title = {{D}omain-{S}pecific {M}odeling: {E}nabling {F}ull {C}ode {G}eneration},
  publisher = {John Wiley \& Sons},
  year = {2008},
  author = {{K}elly, {S}teven and {T}olvanen, {J}uha-{P}ekka},
  pages = {448}
}

@BOOK{Stahl2006,
  title = {{M}odel-{D}riven {S}oftware {D}evelopment -- {T}echnology, {E}ngineering, {M}anagement},
  publisher = {John Wiley \& Sons},
  year = {2006},
  author = {{S}tahl, {T}homas and {V}oelter, {M}arkus and {C}zarnecki, {K}rzysztof}
}

